@book{baumgartner:2002,
	title = {E-Learning Praxishandbuch : Auswahl von Lernplattformen; Marktübersicht, Funktionen, Fachbegriffe},
	author = {Baumgartner, Peter and Häfele, Hartmut and Maier-Häfele, Kornelia},
	address = {Innsbruck},
	publisher = {StudienVerl.},
	year = {2002},
	isbn = {3-7065-1771-X}
}

@online{datalabweb,
    url       = {http://datalab.dbfz.de},
	urldate   = {2022-09-14}
}

@online{dbfzexkremente,
    url       = {https://dbfz.maps.arcgis.com/apps/opsdashboard/index.html#/1b28d1f8866f4e10a2c38d97d03960aa},
	urldate   = {2022-09-14}
}

@online{dbfzforschungsland,
    url       = {https://datalab.dbfz.de/beforce-map/},
	urldate   = {2022-09-14}
}

@online{dbfzgetreidestoh,
    url       = {https://dbfz.maps.arcgis.com/apps/opsdashboard/index.html#/517497791eb14ae9b9e9b44d3bca2b5a},
	urldate   = {2022-09-14}
}

@report{dbfzkonzept,
    author = {Nelles, Michael and Thrän, Daniela and Kornatz, Peter and Müller-Langer, Franziska and Lenz, Volker and Hartmann, Ingo and Angelova, Elena and Schaller, Sven and Deprie, Karen and Glowacki, Romann and Trainer, Paul},
    title = {Forschungs-, Entwicklungs- und Innovationskonzept des DBFZ},
	institution = {DBFZ Deutsches Biomasseforschungszentrum gemeinnützige GmbH, Leipzig, mit Förderung des Bundesministeriums für Ernährung und Landwirtschaft aufgrund eines Beschlusses des Deutschen Bundestages},
	subtitle = {Zeitraum: 2021-2026},
	type = {Report},
	url       = {https://www.dbfz.de/fileadmin//user_upload/Referenzen/Broschueren/FEI_Konzept_2020.pdf},
	urldate   = {2022-09-14},
    year = {2021}
}
@online{dbfzweb,
    url       = {http://www.dbfz.de},
	urldate   = {2022-09-14}
}

@online{dbfzwissauf,
    url       = {https://www.dbfz.de/das-dbfz/wissenschaftlicher-auftrag},
	urldate   = {2022-09-14}
}

@report{dbfzyearreport,
    title = {Jahresbericht 2021},
	institution = {DBFZ Deutsches Biomasseforschungszentrum gemeinnützige GmbH, Leipzig, mit Förderung des Bundesministeriums für Ernährung und Landwirtschaft aufgrund eines Beschlusses des Deutschen Bundestages},
	type = {Report},
	url       = {https://www.dbfz.de/fileadmin//user_upload/Referenzen/Jahresberichte/DBFZ_Jahresbericht_2021_BF.pdf},
	urldate   = {2022-09-14},
    year = {2022}
}
@Online{dockerwhatis,
	title = {{What is a Container? - Docker}},
	author = {Docker},
	year = {2022},
	urldate = {2022-10-03},
	url = {https://www.docker.com/resources/what-container}
}

@TechReport{dreyfus:1980,
	author = {Stuard E. Dreyfus and Hubert L. Dreyfus},
	title = {A Five-Stage Model Of The Mental Activities Involved In Directed Skill Acquisition},
	institution = {University of California, Berkley},
	year = {1980},
	url = {http://www.dtic.mil/cgi-bin/GetTRDoc?AD=ADA084551&Location=U2&doc=GetTRDoc.pdf},
}

@Online{emulationorvirtualizationdell,
	title = {{Emulation or virtualization: What’s the difference?}},
	author = {More, Peter},
	year = {2014},
	urldate = {2022-10-03},
	url = {https://www.dell.com/en-us/blog/emulation-or-virtualization-what-s-the-difference}
}

@Online{fsf:2007,
	author = {{Free Software Foundation}},
	title = {{GNU AFFERO GENERAL PUBLIC LICENSE}},
	url = {http://www.gnu.org/licenses/agpl-3.0.de.html},
	year = {2007}
}

@book{KernighanUnixHistory2020,
	author = {Kernighan, Brian W.},
	title = {{UNIX: A History and a Memoir}},
	year = {2020},
	publisher = {Kindle Direct Publishing}
}

@Unpublished{mustermann:2012,
	author = {Max Mustermann},
	title = {tolles Musterthema},
	year = {2012},
	address = {Musterstadt},
	note = {Studienarbeit}
}

@book{PetersonNetze,
	author = {Peterson, Larry L. and Davie, Bruce S.},
	title = {{Computernetze}},
	subtitle = {Eine systemorientierte Einführung},
	year = {2003},
	publisher = {dpunkt},
}

@book{tanenbaum2015os,
  title={Modern Operating Systems},
  author={Tanenbaum, Andrew S and Bos, Herbert},
  edition=4,
  year={2015},
  publisher={Pearson}
}

@book{tanenbaum2016structured,
  title={Structured Computer Organization},
  author={Tanenbaum, Andrew S and Austin, Todd},
  edition=6,
  year={2016},
  publisher={Pearson Education India}
}

@book{TanenbaumBos14,
  abstract = {This book is intended for introductory courses in Operating Systems in Computer Science, Computer Engineering, and Electrical Engineering programs. It also serves as a useful reference for OS professionals. The widely anticipated revision of this worldwide best-seller incorporates the latest developments in operating systems (OS) technologies. The Fourth Edition includes up-to-date materials on relevant OS. Tanenbaum also provides information on current research based on his experience as an operating systems researcher.},
  address = {Boston, MA},
  author = {Tanenbaum, Andrew S. and Bos, Herbert},
  edition = 4,
  publisher = {Pearson},
  title = {Modern Operating Systems},
  year = {2014}
}

@article{Volkert2022Sep,
	author = {Volkert, Jonas},
	title = {{Zielscheibe Open Source: Angriffe acht mal h{\ifmmode\ddot{a}\else\"{a}\fi}ufiger als vor drei Jahren}},
	journal = {iX Magazin},
	year = {2022},
	month = sep,
	urldate = {2022-10-02},
	publisher = {heise online},
	url = {https://www.heise.de/news/Zielscheibe-Open-Source-Paket-Angriffe-700-Prozent-haeufiger-als-vor-drei-Jahren-7278355.html}
}

@book{woehrmannvsphere2018,
author = {Wöhrmann, Bertram and Große, Jan and Baumgart, Günter and Schönfeld, Thomas and Zimmer, Dennis and Alder, Urs Stephan and Wegner, Frank and Söldner, Jens-Henrik},
address = {Bonn},
edition = 5,
keywords = {VMware vSphere 6.7},
language = {ger},
publisher = { Rheinwerk Verlag},
title = {VMware vSphere 6.7},
subtitle = {Das umfassende Handbuch},
year = {2018},
}

@Online{xrdp,
	title = {{xrdp}},
	author = {neutrinolabs},
	year = {2022},
	urldate = {2022-10-03},
	url = {http://xrdp.org}
}
@Online{netplan,
	title = {{Netplan}},
	author = {Canonical Ltd},
	year = {2022},
	note = {[Online; accessed 6. Oct. 2022]},
	url = {https://netplan.io}
}
@Online{vscodegithub,
	title = {{GitHub: microsoft/vscode}},
	year = {2022},
	note = {[Online; accessed 7. Oct. 2022]},
	url = {https://github.com/microsoft/vscode}
}
@Online{brainfuck,
	title = {{Brainfuck Syntax - Visual Studio Marketplace}},
	year = {2022},
	note = {[Online; accessed 7. Oct. 2022]},
	url = {https://marketplace.visualstudio.com/items?itemName=attilabuti.brainfuck-syntax}
}
@Online{remotessh,
	title = {{Remote - SSH - Visual Studio Marketplace}},
	year = {2022},
	note = {[Online; accessed 7. Oct. 2022]},
	url = {https://marketplace.visualstudio.com/items?itemName=ms-vscode-remote.remote-ssh}
}